<?xml version="1.0" encoding="UTF-8" ?><marc:collection xmlns:marc="http://www.loc.gov/MARC21/slim" xmlns:xsi="http://www.w3.org/2001/XMLSchema-instance" xsi:schemaLocation="http://www.loc.gov/MARC21/slim http://www.loc.gov/standards/marcxml/schema/MARC21slim.xsd">
<marc:record><marc:leader>07329cam a22005411i 4500</marc:leader>
<marc:controlfield tag="001">b13703857</marc:controlfield>
<marc:controlfield tag="003">UaCaAUL</marc:controlfield><marc:controlfield tag="005">20170926023514.0</marc:controlfield><marc:controlfield tag="008">861006m19351956iq bcfh  b    001 0 ara  </marc:controlfield><marc:datafield tag="010" ind1=" " ind2=" "><marc:subfield code="a">61020358</marc:subfield></marc:datafield><marc:datafield tag="035" ind1=" " ind2=" "><marc:subfield code="a">(OCoLC)14348582</marc:subfield><marc:subfield code="z">(OCoLC)875010638</marc:subfield></marc:datafield><marc:datafield tag="040" ind1=" " ind2=" "><marc:subfield code="a">DLC</marc:subfield><marc:subfield code="b">eng</marc:subfield><marc:subfield code="e">rda</marc:subfield><marc:subfield code="c">WAU</marc:subfield><marc:subfield code="d">DLC</marc:subfield><marc:subfield code="d">IUL</marc:subfield><marc:subfield code="d">OCLCF</marc:subfield><marc:subfield code="d">OCLCQ</marc:subfield><marc:subfield code="d">MEAUC</marc:subfield></marc:datafield><marc:datafield tag="041" ind1="0" ind2=" "><marc:subfield code="a">ara</marc:subfield><marc:subfield code="a">fre</marc:subfield></marc:datafield><marc:datafield tag="043" ind1=" " ind2=" "><marc:subfield code="a">a-iq---</marc:subfield></marc:datafield><marc:datafield tag="049" ind1=" " ind2=" "><marc:subfield code="a">MAIN</marc:subfield></marc:datafield><marc:datafield tag="050" ind1="0" ind2="0"><marc:subfield code="a">DS77</marc:subfield><marc:subfield code="b">.A9</marc:subfield></marc:datafield><marc:datafield tag="066" ind1=" " ind2=" "><marc:subfield code="c">(3</marc:subfield></marc:datafield><marc:datafield tag="090" ind1=" " ind2=" "><marc:subfield code="a">DS77</marc:subfield><marc:subfield code="b">.A9 1935</marc:subfield></marc:datafield><marc:datafield tag="100" ind1="1" ind2=" "><marc:subfield code="6">880-01</marc:subfield><marc:subfield code="a">ʻAzzāwī, ʻAbbās.</marc:subfield></marc:datafield><marc:datafield tag="245" ind1="1" ind2="0"><marc:subfield code="6">880-02</marc:subfield><marc:subfield code="a">Tārīkh al-ʻIrāq bayna iḥtilālayn =</marc:subfield><marc:subfield code="b">Histoire de l'Irâq entre deux occupations /</marc:subfield><marc:subfield code="c">[taʼlīf] al-muḥāmī ʻAbbās al-ʻAzzāwī.</marc:subfield></marc:datafield><marc:datafield tag="246" ind1="3" ind2="1"><marc:subfield code="a">Histoire de l'Irâq entre deux occupations.</marc:subfield></marc:datafield><marc:datafield tag="264" ind1=" " ind2="1"><marc:subfield code="6">880-03</marc:subfield><marc:subfield code="a">[Baghdād] :</marc:subfield><marc:subfield code="b">Maṭbaʻat Baghdād,</marc:subfield><marc:subfield code="c">1353, 1935-1376, 1956.</marc:subfield></marc:datafield><marc:datafield tag="300" ind1=" " ind2=" "><marc:subfield code="a">volumes :</marc:subfield><marc:subfield code="b">illustrations, plates, portraits, maps, facsimiles</marc:subfield><marc:subfield code="c">26 cm.</marc:subfield></marc:datafield><marc:datafield tag="336" ind1=" " ind2=" "><marc:subfield code="a">text</marc:subfield><marc:subfield code="b">txt</marc:subfield><marc:subfield code="2">rdacontent.</marc:subfield></marc:datafield><marc:datafield tag="337" ind1=" " ind2=" "><marc:subfield code="a">unmediated</marc:subfield><marc:subfield code="b">n</marc:subfield><marc:subfield code="2">rdamedia.</marc:subfield></marc:datafield><marc:datafield tag="338" ind1=" " ind2=" "><marc:subfield code="a">volume</marc:subfield><marc:subfield code="b">nc</marc:subfield><marc:subfield code="2">rdacarrier.</marc:subfield></marc:datafield><marc:datafield tag="500" ind1=" " ind2=" "><marc:subfield code="6">880-04</marc:subfield><marc:subfield code="a">Volumes 2, 3 : &quot;al-Ṭabʻah al-ūlá&quot;.</marc:subfield></marc:datafield><marc:datafield tag="500" ind1=" " ind2=" "><marc:subfield code="6">880-05</marc:subfield><marc:subfield code="a">Ḥuqūq al-ṭabʻ maḥfūẓah.</marc:subfield></marc:datafield><marc:datafield tag="500" ind1=" " ind2=" "><marc:subfield code="a">Includes errata pages.</marc:subfield></marc:datafield><marc:datafield tag="500" ind1=" " ind2=" "><marc:subfield code="6">880-06</marc:subfield><marc:subfield code="a">Volumes 6-8: &quot;Sāʻadat Wazārat al-Maʻārif ʻalá nashr hādhā al-kitāb.&quot;</marc:subfield></marc:datafield><marc:datafield tag="500" ind1=" " ind2=" "><marc:subfield code="6">880-07</marc:subfield><marc:subfield code="a">Volumes 4-8: &quot;Ṭabʻ Sharikat al-Tijārah wa-al-Ṭibāʻah al-Maḥdūdah.&quot;</marc:subfield></marc:datafield><marc:datafield tag="504" ind1=" " ind2=" "><marc:subfield code="a">Includes bibliographical references and indexes.</marc:subfield></marc:datafield><marc:datafield tag="505" ind1="1" ind2=" "><marc:subfield code="6">880-08</marc:subfield><marc:subfield code="a">(1) Ḥukūmat al-Maghūl, 656 H., 1258 M.-738 H., 1338 M. -- (2) Ḥukūmat al-Jalāyarīyah, min sanat 739 H.,1338 M. ilá sanat 814 H., 1411 M. -- (3) al-Ḥukūmah al-Turkumānīyah, 814 H., 1338 M.-941 H., 1534 M. -- (4) al-ʻAhd al-ʻUthmānī al-awwal, 941 H., 1534 M.-1048 H., 1638 M. yatanāwal al-waqāʼiʻ al-tārīkhīyah, wa-al-ṣilāt bayna al-aqṭār, wa-al-tashkīlāt al-idārīyah, wa-al-thaqāfah al-ʻāmmah, wa-yalīhi mulḥaq fī al-mustadrakāt wa-al-taʻlīqāt. -- (5) al-ʻAhd al-ʻUthmānī al-thānī, 1049 H., 1639 M.-1163 H., 1750 M. yatanāwal al-ḥawādith al-tārīkhīyah, wa-al-ṣilāt bayna al-aqṭār, wa-al-tashkīlāt al-idārīyah, wa-al-thaqāfah al-ʻāmmah, wa-al-ḥālāt al-ijtimāʻīyah, wa-yalīhi mulḥaq fī al-mustadrakāt wa-al-taʻlīqāt maʻa fahāris ʻadīdah. -- (6) Ḥukūmat al-Mamālīk, min sanat 1162 H., 1749 M. ilá sanat 1247 H., 1831 M. yatanāwal al-ḥawādith al-tārīkhīyah, wa-al-ṣilāt bayna al-aqṭār, wa-al-tashkīlāt al-idārīyah, wa-al-thaqāfah al-ʻāmmah, wa-al-ḥālāt al-ijtimāʻīyah, wa-yalīhi mulḥaq fī al-mustadrakāt wa-al-taʻlīqāt maʻa fahāris ʻadīdah. -- (7) al-ʻAhd al-ʻUthmānī al-thālith, min sanat 1247 H., 1831 M. ilá sanat 1289 H., 1872 M. yataḍamman al-shaṭr al-awwal min tārīkhinā al-ḥadīth min bidʼ Wizārat ʻAlī Riḍā Bāshā al-Lāz ilá ākhir ayyām Midḥat Bāshā, wa-fīhi waqāʼiʻ tārīkhīyah, wa-siyāsīyah dākhilīyah, wa-ṣilāt khārijīyah, wa-aḥwāl thaqāfīyah, wa-fī ākhirihi mustadrakāt wa-taʻlīqāt maʻa fahāris ʻadīdah. -- (8) al-ʻAhd al-ʻUthmānī al-akhīr, min sanat 1289 H., 1872 M.-1335 H., 1917 M. yataḍamman al-shaṭr al-thānī min tārīkhinā al-ḥadīth wa-fīhi min al-ḥawādith al-tārīkhīyah limā baʻda Midḥat Bāshā, wa-bayān al-ʻilāqāt bi-al-mujāwirīn wa-bi-al-thaqāfah wa-fīhi min al-waqāʼiʻ al-siyāsīyah iʻlān al-dustūr wa-al-ḥarb al-ʻāmmah al-ūlá ḥattá iḥtilāl Baghdād, wa-yalīhi taʻlīqāt wa-istidrākāt maʻa fahāris ʻadīdah.</marc:subfield></marc:datafield><marc:datafield tag="651" ind1=" " ind2="0"><marc:subfield code="a">Iraq</marc:subfield><marc:subfield code="x">History.</marc:subfield></marc:datafield><marc:datafield tag="776" ind1="0" ind2="8"><marc:subfield code="i">Online version:</marc:subfield><marc:subfield code="a">ʻAzzāwī, ʻAbbās.</marc:subfield><marc:subfield code="t">Tārīkh al-ʻIrāq bayna iḥtilālayn.</marc:subfield><marc:subfield code="d">[Baghdād] Maṭbaʻat Baghdād, 1353-1376/1935-1956</marc:subfield><marc:subfield code="w">(OCoLC)555193220.</marc:subfield></marc:datafield><marc:datafield tag="776" ind1="0" ind2="8"><marc:subfield code="i">Online version:</marc:subfield><marc:subfield code="a">ʻAzzāwī, ʻAbbās.</marc:subfield><marc:subfield code="t">Tārīkh al-ʻIrāq bayna iḥtilālayn.</marc:subfield><marc:subfield code="d">[Baghdād] Maṭbaʻat Baghdād, 1353-1376/1935-1956</marc:subfield><marc:subfield code="w">(OCoLC)608543875.</marc:subfield></marc:datafield><marc:datafield tag="880" ind1=" " ind2="1"><marc:subfield code="6">264-03/(3/r</marc:subfield><marc:subfield code="a">[بغداد] :‪</marc:subfield><marc:subfield code="b">مطبعة بغداد،‪</marc:subfield><marc:subfield code="c">1353, 1935-1376, 1956.</marc:subfield></marc:datafield><marc:datafield tag="880" ind1="1" ind2=" "><marc:subfield code="6">100-01/(3/r</marc:subfield><marc:subfield code="a">عزاوي ،عباس..</marc:subfield></marc:datafield><marc:datafield tag="880" ind1="1" ind2="0"><marc:subfield code="6">245-02/(3/r</marc:subfield><marc:subfield code="a">تاريخ العراق بين احتلالين /‪</marc:subfield><marc:subfield code="c">[تأليف] المحامي عباس العزاوي..</marc:subfield></marc:datafield><marc:datafield tag="880" ind1=" " ind2=" "><marc:subfield code="6">500-04/(3/r</marc:subfield><marc:subfield code="a">Volumes 2, 3 : &quot;لطبعة الأولى&quot;..</marc:subfield></marc:datafield><marc:datafield tag="880" ind1=" " ind2=" "><marc:subfield code="6">500-05/(3/r</marc:subfield><marc:subfield code="a">حقوق الطبع محفوظة..</marc:subfield></marc:datafield><marc:datafield tag="880" ind1=" " ind2=" "><marc:subfield code="6">500-06/(3/r</marc:subfield><marc:subfield code="a">Volumes 6-8: &quot;ساعدت وزارة المعارف على نشر هذه الكتاب.&quot;.</marc:subfield></marc:datafield><marc:datafield tag="880" ind1=" " ind2=" "><marc:subfield code="6">500-07/(3/r</marc:subfield><marc:subfield code="a">Volumes 4-8: &quot;طبع شركة التجارة والطباعة المحدودة.&quot;.</marc:subfield></marc:datafield><marc:datafield tag="880" ind1="1" ind2=" "><marc:subfield code="6">505-08/(3/r</marc:subfield><marc:subfield code="a">(1) حكومة المغول، 656 ه.، 1258 م.-738 ه.، 1338 م. -- (2) حكومة الجلايرية، من سنة 739 ه.،1338 م. الى سنة 814 ه.، 1411 م. -- (3) الحكومة التركمانية، 814 ه.، 1338 م.-941 ه.، 1534 م. -- (4) العهد العثماني الأول، 941 ه.، 1534 م.-1048 ه.، 1638 م. يتناول الوقائع التاريخية، والصلات بين الاقطار، والتشكيلات الادارية، والثقافة العامة، ويليه ملحق في المستدركات والتعليقات. -- (5) العهد العثماني الثاني، 1049 ه.، 1639 م.-1163 ه.، 1750 م. يتناول الحوادث التاريخية، والصلات بين الاقطار، والتشكيلات الادارية، والثقافة العامة، والحالات الاجتماعية، ويليه ملحق في المستدركات والتعليقات مع فهارس عديدة. -- (6) حكومة المماليك، من سنة 1162 ه.، 1749 م. الى سنة 1247 ه.، 1831 م. يتناول الحوادث التاريخية، والصلات بين الأقطار، والتشكيلات الادارية، والثقافة العامة، والحالات الاجتماعية، ويليه ملحق في المستدركات والتعليقات مع فهارس عديدة. -- (7) العهد العثماني الثالث، من سنة 1247 ه.، 1831 م. الى سنة 1289 ه.، 1872 م. يتضمن الشطر الأول من تاريخنا الحديث من بدء وزارة علي رضا باشا اللاز الى آخر ايام مدحت باشا، وفيه وقائع تاريخية، وسياسية داخلية، وصلات خارجية، واحوال ثقافية، وفي آخره مستدركات وتعليقات مع فهارس عديدة. -- (8) العهد العثماني الأخير، من سنة 1289 ه.، 1872 م.-1335 ه.، 1917 م. يتضمن الشطر الثاني من تاريخنا الحديث وفيه من الحوادث التاريخية لما بعد مدحت باشا، وبيان العلاقات بالمجاورين وبالثقافة وفيه من الوقائع السياسية اعلان الدستور والحرب العامة الأولى حتى احتلال بغداد، ويليه تعليقات واستدراكات مع فهارس عديدة..</marc:subfield></marc:datafield><marc:datafield tag="907" ind1=" " ind2=" "><marc:subfield code="a">.b13703857</marc:subfield><marc:subfield code="b">main </marc:subfield></marc:datafield><marc:datafield tag="902" ind1=" " ind2=" "><marc:subfield code="a">171009</marc:subfield></marc:datafield><marc:datafield tag="998" ind1=" " ind2=" "><marc:subfield code="b">9</marc:subfield><marc:subfield code="c">060515</marc:subfield><marc:subfield code="d">m</marc:subfield><marc:subfield code="e">a</marc:subfield><marc:subfield code="f">-</marc:subfield><marc:subfield code="g">0</marc:subfield><marc:subfield code="k">TA</marc:subfield></marc:datafield><marc:datafield tag="945" ind1=" " ind2=" "><marc:subfield code="l">main </marc:subfield><marc:subfield code="u">v.v.1</marc:subfield></marc:datafield></marc:record>
</marc:collection>
